@article{adams1993functional,
  title={Functional pearls efficient setsâ€”a balancing act},
  author={Adams, Stephen},
  journal={Journal of functional programming},
  volume={3},
  number={4},
  pages={553--561},
  year={1993},
  publisher={Cambridge University Press}
}

@inproceedings{nievergelt1972binary,
  title={Binary search trees of bounded balance},
  author={Nievergelt, J{\"u}rg and Reingold, Edward M},
  booktitle={Proceedings of the fourth annual ACM symposium on Theory of computing},
  pages={137--142},
  year={1972}
}

@inproceedings{blelloch2016just,
  title={Just join for parallel ordered sets},
  author={Blelloch, Guy E and Ferizovic, Daniel and Sun, Yihan},
  booktitle={Proceedings of the 28th ACM Symposium on Parallelism in Algorithms and Architectures},
  pages={253--264},
  year={2016}
}