@article{adams1993functional,
  title={Functional pearls efficient setsâ€”a balancing act},
  author={Adams, Stephen},
  journal={Journal of functional programming},
  volume={3},
  number={4},
  pages={553--561},
  year={1993},
  publisher={Cambridge University Press}
}